%% LaTeX2e file `abstract.bib'
%% generated by the `filecontents' environment
%% from source `abstract' on 2016/07/17.
%%
@article{spes,
title = {Survey Paper on Elastic Search},
author = {Gupta, Pragya and Nair, Sreeja},
journal = {International Journal of Science and Research (IJSR)},
year = {2016},
month = {January}
},
@book{esdg,
title = {Elasticsearch: The Definitive Guide },
author = {Gormley,Clinton and Tong,Zachary },
publisher = {O'Reilly Media},
date = {January 2015}
},
@article{mmre,
title = {Mining Modern Repositories with Elasticsearch},
author = {Kononenko,Oleksii and Baysal,Olga and Holmes, Reid and Godfrey, Michael},
journal = {University of Waterloo, Waterloo, ON, Canada},
year = {2014}
},
@misc{site,
title = {Elasticsearch: Search and Analyze Data in Real Time},
author = {https://www.elastic.co/products/elasticsearch}
}

