@article{ijsr,
title = {Survey Paper on Elastic Search},
author = {Gupta, Pragya and Nair, Sreeja},
journal = {International Journal of Science and Research (IJSR)},
year = {2016},
month = {January}
},
@book{book,
title = {Elasticsearch: The Definitive Guide },
author = {Gormley,Clinton and Tong,Zachary },
publisher = {O'Reilly Media},
date = {January 2015}
},
@article{mine,
title = {Mining Modern Repositories with Elasticsearch},
author = {Kononenko,Oleksii and Baysal,Olga and Holmes, Reid and Godfrey, Michael},
journal = {University of Waterloo, Waterloo, ON, Canada},
year = {2014}
},
@misc{site,
title = {Elasticsearch: Search and Analyze Data in Real Time},
howpublished = {https://www.elastic.co/products/elasticsearch}
},
@misc{benchmark,
title = {Benchmark of some PHP Clients for Elasticsearch},
howpublished = {https://github.com/jolicode/elasticsearch-php-benchmark}
},
@misc{memorybenchmark,
title={Elasticsearch PHP Clients test drive},
howpublished={https://jolicode.com/blog/elasticsearch-php-clients-test-drive}
},
@misc{lucenesite,
title={Apache Lucene Core},
howpublished={https://lucene.apache.org/core/}
},
@misc{dbranking,
title={DB-Engines Ranking - popularity ranking of database management systems},
howpublished={http://www.db-engines.com/en/ranking}
},


